@article{carletta2006ami,
  author = {Carletta, J.},
  title = {Announcing the AMI Meeting Corpus},
  journal = {The ELRA Newsletter},
  volume = {11},
  number = {1},
  pages = {3--5},
  year = {2006},
  month = {January--March}
}

@inproceedings{watanabe2020chime,
  author = {Watanabe, Shinji and Mandel, Michael and Barker, Jon and Vincent, Emmanuel and Arora, Ashish and Chang, Xuankai and Khudanpur, Sanjeev and Manohar, Vimal and Povey, Daniel and Raj, Desh and others},
  title = {CHiME-6 Challenge: Tackling multispeaker speech recognition for unsegmented recordings},
  booktitle = {CHiME 2020-6th International Workshop on Speech Processing in Everyday Environments},
  year = {2020}
}
@inproceedings{barker18_interspeech,
  author={Jon Barker and Shinji Watanabe and Emmanuel Vincent and Jan Trmal},
  title={The Fifth 'CHiME' Speech Separation and Recognition Challenge: Dataset, Task and Baselines},
  year={2018},
  booktitle={Proc. Interspeech 2018},
  pages={1561--1565},
  doi={10.21437/Interspeech.2018-1768}
}

@inproceedings{chung2020spot,
  author = {Chung, Joon Son and Huh, Jaesung and Nagrani, Arsha and Afouras, Triantafyllos and Zisserman, Andrew},
  title = {Spot the conversation: speaker diarisation in the wild},
  booktitle = {Interspeech},
  year = {2020}
}
